@article{avati2017,
  title={Improving palliative care with deep learning},
  author={Avati, A and Jung, K and Harman, S and Downing, L and Ng, A and Shah, NH},
  journal={IEEE International Conference on Bioinformatics and Biomedicine},
  note={arXiv preprint; URL: https://arxiv.org/abs/1711.06402},
  year={2017}
}
@misc{anonymous,
  title= {Suppressed for Anonymity},
  author= {Author, N N},
  year= {2017}
}
@article{bauer2017,
  title={On deep learning as a remedy for the curse of dimensionality in nonparametric regression},
  author={Bauer, B and Kohler, M},
  journal={Pre-print},
  year={2017}
}
@inproceedings{barron1989,
  title={Statistical properties of artificial neural networks},
  author={Barron, AR},
  booktitle={Proceedings of the 28th IEEE Conference on Decision and Control},
  pages={280--285},
  year={1989},
  organization={IEEE},
  note={doi: 10.1109/CDC.1989.70117}
}
@article{bi2003,
  title={Dimensionality reduction via sparse support vector machines},
  author={Bi, J and Bennett, K and Embrechts, M and Breneman, C and Song, M},
  journal={Journal of Machine Learning Research},
  volume={3},
  pages={1229--1243},
  year={2003}
}
@article{bickel1982,
  title={On adaptive estimation},
  author={Bickel, PJ},
  journal={The Annals of Statistics},
  volume={10},
  number={3},
  pages={647--671},
  year={1982},
  note={URL: http://www.jstor.org/stable/2240896}
}
@book{bkrw,
  title={Efficient and {A}daptive {E}stimation for {S}emiparametric {M}odels},
  author={Bickel, PJ and Klaasen, CAJ and Ritov, Y and Wellner, JA},
  year={1998},
  publisher={Springer}
}
@book{breiman1984,
  title={Classification and {R}egression {T}rees},
  author={Breiman, L and Friedman, J and Stone, CJ and Olshen, RA},
  year={1984},
  publisher={CRC press}
}

@article{breiman2001,
title={Random forests},
author={Breiman, L},
journal={Machine Learning},
volume={45},
number={1},
pages={5--32},
year={2001},
note={doi: 10.1023/A:1010933404324}
}
@article{breiman2001b,
  title={Statistical modeling: The two cultures},
  author={Breiman, L},
  journal={Statistical Science},
  volume={16},
  number={3},
  pages={199--231},
  year={2001}
}

@article{carone2014,
title={Higher-order targeted minimum loss-based estimation},
author={Carone, M and Diaz, I and van der Laan, MJ},
journal={UC Berkeley Division of Biostatistics Working Paper Series},
volume={331},
year={2014}
}
@article{capeding2014,
  title={Clinical efficacy and safety of a novel tetravalent dengue vaccine in healthy children in {A}sia: a phase 3, randomised, observer-masked, placebo-controlled trial},
  author={Capeding, MR and Tran, NH and Hadinegoro, SRS and Ismail, HIHJM and Chotpitayasunondh, T and Chua, MN and Luong, CQ and Rusmil, K and Wirawan, DN and Nallusamy, R and others},
  journal={The Lancet},
  volume={384},
  number={9951},
  pages={1358--1365},
  year={2014}
}
@article{chambaz2012,
title={Estimation of a non-parametric variable importance measure of a continuous exposure},
author={Chambaz, A and Neuvial, P and van der Laan, MJ},
journal={Electronic Journal of Statistics},
volume={6},
pages={1059--1099},
year={2012},
note={doi: 10.1214/12-EJS703. PubMed PMCID: PMC3546832}
}
@article{cleveland1979,
  title={Robust locally weighted regression and smoothing scatterplots},
  author={Cleveland, WS},
  journal={Journal of the American Statistical Association},
  volume={74},
  number={368},
  pages={829--836},
  year={1979},
  note={doi: 10.1080/01621459.1979.10481038}
}
@article{cleveland1988,
  title={Locally weighted regression: an approach to regression analysis by local fitting},
  author={Cleveland, WS and Devlin, SJ},
  journal={Journal of the American Statistical Association},
  volume={83},
  number={403},
  pages={596--610},
  year={1988},
  note={doi: 10.1080/01621459.1988.10478639}
}
@book{cook1982,
	title={Residuals and influence in regression},
	author={Cook, RD and Weisberg, S},
	year = {1982},
	publisher={New York: Chapman and Hall}
}
@article{doksum1995,
title={Nonparametric estimation of global functionals and a measure of the explanatory power of covariates in regression},
author={Doksum, K and Samarov, A},
journal={The Annals of Statistics},
year={1995},
volume={23},
number={5},
pages={1443--1473},
note={stable URL: http://www.jstor.org/stable/2242529}
}
@article{doksum2008,
  title={Nonparametric variable selection: the {EARTH} algorithm},
  author={Doksum, K and Tang, S and Tsui, K-W},
  journal={Journal of the American Statistical Association},
  volume={103},
  number={484},
  pages={1609--1620},
  year={2008},
  note={doi: 10.1198/016214508000000878}
}
@book{esl2009,
author={Hastie, T and Tibshirani, R and Friedman, J},
title={The {E}lements of {S}tatistical {L}earning: {D}ata mining, {I}nference, and {P}rediction},
publisher={Springer},
year={2009}
}
@article{fan1996,
  title={Consistent model specification tests: omitted variables and semiparametric functional forms},
  author={Fan, Y and Li, Q},
  journal={Econometrica: Journal of the Econometric Society},
  volume={64},
  number={4},
  pages={865--890},
  year={1996},
  note={doi: 10.2307/2171848}
}
@inproceedings{fefferman1994,
  title={Recovering a feed-forward net from its output},
  author={Fefferman, C and Markel, S},
  booktitle={Advances in Neural Information Processing Systems},
  pages={335--342},
  year={1994}
}
@article{friedman2001,
  title={Greedy function approximation: a gradient boosting machine},
  author={Friedman, JH},
  journal={Annals of Statistics},
  volume={29},
  number={5},
  pages={1189--1232},
  year={2001},
  note={URL: http://www.jstor.org/stable/2699986}
}
@article{friedman2008,
  title={Predictive learning via rule ensembles},
  author={Friedman, JH and Popescu, BE},
  journal={The Annals of Applied Statistics},
  volume={2},
  number={3},
  pages={916--954},
  year={2008},
  note={URL: http://www.jstor.org/stable/30245114}
}
@article{gramping2009,
	title={Variable importance in regression: linear regression versus random forest},
	author={Gr\"omping, U},
	journal={The American Statistician},
	year={2009},
	volume={63},
	number={4},
	pages={308--319},
	note={URL: http://www.jstor.org/stable/pdf/25652309.pdf}
}
@article{guidotti2018,
  title={A survey of methods for explaining black box models},
  author={Guidotti, R and Monreale, A and Turini, F and Pedreschi, D and Giannotti, F},
  journal={arXiv preprint arXiv:1802.01933},
  year={2018}
}

@article{hall2004,
  title={Cross-validation and the estimation of conditional probability densities},
  author={Hall, P and Racine, J and Li, Q},
  journal={Journal of the American Statistical Association},
  volume={99},
  number={468},
  pages={1015--1026},
  year={2004}
}
@article{harrison1978,
  title={Hedonic housing prices and the demand for clean air},
  author={Harrison, D and Rubinfeld, DL},
  journal={Journal of Environmental Economics and Management},
  volume={5},
  number={1},
  pages={81--102},
  year={1978},
  note={doi: 10.1016/0095-0696(78)90006-2}
}
@book{hastie1990,
  title={Generalized {A}dditive {M}odels},
  author={Hastie, TJ and Tibshirani, RJ},
  volume={43},
  year={1990},
  publisher={CRC Press}
}
@article{huang2008,
  title={Analysis of variance, coefficient of determination and {F}-test for local polynomial regression},
  author={Huang, LS and Chen, J},
  journal={The Annals of Statistics},
  volume={36},
  number={5},
  pages={2085--2109},
  year={2008},
  note={http://www.jstor.org/stable/25464704}
}
@article{hwang1997,
  title={Prediction intervals for artificial neural networks},
  author={Hwang, JTG and Ding, AA},
  journal={Journal of the American Statistical Association},
  volume={92},
  number={438},
  pages={748--757},
  year={1997},
  note={doi: 10.1080/01621459.1997.10474027}
}
@article{ishwaran2007,
  title={Variable importance in binary regression trees and forests},
  author={Ishwaran, H},
  journal={Electronic Journal of Statistics},
  volume={1},
  pages={519--537},
  year={2007},
  note={doi: 10.1214/07-EJS039}
}
@inproceedings{koh2017,
  title={Understanding black-box predictions via influence functions},
  author={Koh, PW and Liang, P},
  booktitle={Proceedings of the 34th International Conference on Machine Learning},
  year={2017},
  organization={PMLR}
}
@article{lei2017,
  title={Distribution-free predictive inference for regression},
  author={Lei, J and G'Sell, M and Rinaldo, A and Tibshirani, RJ and Wasserman, L},
  journal={Journal of the American Statistical Association},
  number={just-accepted},
  year={2017}
}
@article{loh2002,
  title={Regression tress with unbiased variable selection and interaction detection},
  author={Loh, W-Y},
  journal={Statistica Sinica},
  pages={361--386},
  year={2002},
  note={URL: http://www.jstor.org/stable/24306967}
}
@article{nicodemus2010,
  title={The behaviour of random forest permutation-based variable importance measures under predictor correlation},
  author={Nicodemus, KK and Malley, JD and Strobl, C and Ziegler, A},
  journal={BMC Bioinformatics},
  volume={11},
  number={1},
  pages={110},
  year={2010},
  note={doi: 10.1186/1471-2105-11-110}
}
@article{olden2004,
title={An accurate comparison of methods for quantifying variable importance in artificial neural networks using simulated data},
author={Olden, JD and Joy, MK and Death, RG},
journal={Ecological Modelling},
year={2004},
volume={173},
number={3},
pages={389--397},
note={doi: 10.1016/j.ecolmodel.2004.03.013}
}
@article{reinsch1967,
author={Reinsch, CH},
title={Smoothing by spline functions},
journal={Numerische Mathematik},
volume={10},
number={3},
pages={177--183},
year={1967}
}
@article{rolland2012,
author = {Rolland, M and Gilbert, P},
title = {Evaluating immune correlates in {HIV} Type 1 Vaccine Efficacy Trials: What {RV144} May Provide},
journal = {AIDS Research and Human Retroviruses},
volume = {28},
number = {4},
pages = {400--404},
year = {2012},
note = {doi: 10.1089/aid.2011.0240}
}
@article{rosseauw1983,
  title={Coronary risk factor screening in three rural communities},
  author={Rosseauw, J and Du Plessis, J and Benade, A and Jordann, P and Kotze, J and Jooste, P and Ferreira, J},
  journal={South African Medical Journal},
  volume={64},
  number={12},
  pages={430--436},
  year={1983},
  note={PubMed PMID: 6623218}
}
@article{sapp2014,
  title={Targeted Estimation of Binary Variable Importance Measures with Interval-Censored Outcomes},
  author={Sapp, S and van der Laan, MJ and Page, K},
  journal={The International Journal of Biostatistics},
  volume={10},
  number={1},
  pages={77--97},
  year={2014},
  note={doi: 10.1515/ijb-2013-0009}
}
@article{strobl2007,
  title={Bias in random forest variable importance measures: {I}llustrations, sources and a solution},
  author={Strobl, C and Boulesteix, AL and Zeileis, A and Hothorn, T},
  journal={BMC Bioinformatics},
  volume={8},
  number={1},
  pages={1},
  year={2007},
  note={doi: 10.1186/1471-2105-8-25}
}
@article{tibs1996,
  title={Regression shrinkage and selection via the lasso},
  author={Tibshirani, R},
  journal={Journal of the Royal Statistical Society, Series B},
  pages={267--288},
  year={1996},
  note={URL: http://www.jstor.org/stable/2346178}
}
@article{vanderlaan2005,
  title={Estimating function based cross-validation and learning},
  author={van der Laan, MJ and Rubin, D},
  journal={University of California at Berkeley Division of Biostatistics Working Paper Series},
  year={2005},
  number={180}
}
@article{vanderlaan2006b,
  title={Targeted maximum likelihood learning},
  author={van der Laan, MJ and Rubin, D},
  journal={The International Journal of Biostatistics},
  volume={2},
  number={1},
  year={2006},
  note={doi: 10.2202/1557-4679.1043}
}
@article{vanderlaan2007,
  title={Super learner},
  author={van der Laan, MJ and Polley, EC and Hubbard, AE},
  journal={Statistical Applications in Genetics and Molecular Biology},
  volume={6},
  number={1},
  pages={Online Article 25},
  year={2007},
  note={doi: 10.2202/1544-6115.1309}
}
@article{vanderlaan2006,
title={Statistical inference for variable importance},
author={van der Laan, MJ},
journal={The International Journal of Biostatistics},
year={2006},
volume={2},
number={1},
note={doi: 10.2202/1557-4679.1008}
}

@book{vandervaart2000,
  title={Asymptotic {S}tatistics},
  author={van der Vaart, AW},
  volume={3},
  year={2000},
  publisher={Cambridge University Press}
}
@article{villar2015,
  title={Efficacy of a tetravalent dengue vaccine in children in {L}atin {A}merica},
  author={Villar, L and Dayan, GH and Arredondo-Garc{\'\i}a, JL and Rivera, DM and Cunha, R and Deseda, C and Reynales, H and Costa, MS and Morales-Ram{\'\i}rez, JO and Carrasquilla, G and others},
  journal={New England Journal of Medicine},
  volume={372},
  number={2},
  pages={113--123},
  year={2015}
}
@book{wand1994,
  title={Kernel {S}moothing},
  author={Wand, MP and Jones, MC},
  year={1994},
  publisher={CRC Press}
}
@article{williamson2017,
	title={Nonparametric variable importance assessment using machine learning techniques},
	author = {Williamson, BD and Gilbert, PB and Simon, N and Carone, M},
	year = {2017},
	journal = {UW Biostatistics Working Paper Series},
	volume = {Working Paper 422},
	note = {URL: https://biostats.bepress.com/uwbiostat/paper422}
}
@article{yao2005,
  title={Functional linear regression analysis for longitudinal data},
  author={Yao, F and M{\"u}ller, HG and Wang, JL},
  journal={The Annals of Statistics},
  volume={33},
  number={6},
  pages={2873--2903},
  year={2005},
  note={doi: 10.1214/009053605000000660}
}
@article{kingma2014adam,
  title={Adam: A method for stochastic optimization},
  author={Kingma, D and Ba, J},
  journal={arXiv preprint arXiv:1412.6980},
  year={2014}
}
@article{srivastava2014dropout,
  title={Dropout: a simple way to prevent neural networks from overfitting.},
  author={Srivastava, N and Hinton, GE and Krizhevsky, A and Sutskever, I and Salakhutdinov, R},
  journal={Journal of machine learning research},
  volume={15},
  number={1},
  pages={1929--1958},
  year={2014}
}
@article{hinton2012improving,
  title={Improving neural networks by preventing co-adaptation of feature detectors},
  author={Hinton, GE and Srivastava, N and Krizhevsky, A and Sutskever, I and Salakhutdinov, R R},
  journal={arXiv preprint arXiv:1207.0580},
  year={2012}
}
@article{leshno1993multilayer,
  title={Multilayer feedforward networks with a nonpolynomial activation function can approximate any function},
  author={Leshno, M and Lin, VY and Pinkus, A and Schocken, S},
  journal={Neural networks},
  volume={6},
  number={6},
  pages={861--867},
  year={1993},
  publisher={Elsevier}
}
@article{garcia2010pattern,
  title={Pattern classification with missing data: a review},
  author={Garc{\'\i}a-Laencina, PJ and Sancho-G{\'o}mez, J-L and Figueiras-Vidal, AR},
  journal={Neural Computing and Applications},
  volume={19},
  number={2},
  pages={263--282},
  year={2010},
  publisher={Springer}
}
@inproceedings{bengio1996recurrent,
  title={Recurrent neural networks for missing or asynchronous data},
  author={Bengio, Y and Gingras, F},
  booktitle={Advances in Neural Information Processing Systems},
  pages={395--401},
  year={1996}
}
@inproceedings{garcia2007multi,
  title={Multi-task neural networks for dealing with missing inputs},
  author={Garc{\'\i}a-Laencina, PJ and Serrano, J and Figueiras-Vidal, AR and Sancho-G{\'o}mez, J-L},
  booktitle={International Work-Conference on the Interplay Between Natural and Artificial Computation},
  pages={282--291},
  year={2007},
  organization={Springer}
}
@inproceedings{tresp1994training,
  title={Training neural networks with deficient data},
  author={Tresp, V and Ahmad, S and Neuneier, R},
  booktitle={Advances in Neural Information Processing Systems},
  pages={128--135},
  year={1994}
}
@article{garson1991interpreting,
  title={Interpreting neural network connection weights},
  author={Garson, DG},
  year={1991},
  journal={Artificial Intelligence Expert}
}
@article{olden2002illuminating,
  title={Illuminating the ``black box'': a randomization approach for understanding variable contributions in artificial neural networks},
  author={Olden, JD and Jackson, DA},
  journal={Ecological modelling},
  volume={154},
  number={1},
  pages={135--150},
  year={2002},
  publisher={Elsevier}
}
@article{bach2015pixel,
  title={On pixel-wise explanations for non-linear classifier decisions by layer-wise relevance propagation},
  author={Bach, S and Binder, A and Montavon, G and Klauschen, F and M{\"u}ller, K-R and Samek, W},
  journal={PloS one},
  volume={10},
  number={7},
  pages={e0130140},
  year={2015},
  publisher={Public Library of Science}
}
@article{murdoch2018beyond,
  title={Beyond Word Importance: Contextual Decomposition to Extract Interactions from LSTMs},
  author={Murdoch, WJ and Liu, PJ and Yu, B},
  journal={arXiv preprint arXiv:1801.05453},
  year={2018}
}
@article{sundararajan2017axiomatic,
  title={Axiomatic Attribution for Deep Networks},
  author={Sundararajan, M and Taly, A and Yan, Q},
  journal={arXiv preprint arXiv:1703.01365},
  year={2017}
}
@article{shrikumar2017learning,
  title={Learning important features through propagating activation differences},
  author={Shrikumar, A and Greenside, P and Kundaje, A},
  journal={arXiv preprint arXiv:1704.02685},
  year={2017}
}
@article{bach2017breaking,
  title={Breaking the curse of dimensionality with convex neural networks},
  author={Bach, F},
  journal={Journal of Machine Learning Research},
  volume={18},
  number={19},
  pages={1--53},
  year={2017}
}
@article{ruder2017overview,
  title={An overview of multi-task learning in deep neural networks},
  author={Ruder, S},
  journal={arXiv preprint arXiv:1706.05098},
  year={2017}
}
@inproceedings{collobert2008unified,
  title={A unified architecture for natural language processing: Deep neural networks with multitask learning},
  author={Collobert, R and Weston, J},
  booktitle={Proceedings of the 25th international conference on Machine Learning},
  pages={160--167},
  year={2008},
  organization={ACM}
}
@inproceedings{krizhevsky2012imagenet,
  title={Imagenet classification with deep convolutional neural networks},
  author={Krizhevsky, Alex and Sutskever, Ilya and Hinton, Geoffrey E},
  booktitle={Advances in Neural Information Processing Systems},
  pages={1097--1105},
  year={2012}
}
@inproceedings{mikolov2013distributed,
  title={Distributed representations of words and phrases and their compositionality},
  author={Mikolov, T and Sutskever, I and Chen, K and Corrado, GS and Dean, J},
  booktitle={Advances in Neural Information Processing Systems},
  pages={3111--3119},
  year={2013}
}
@article{bottou1998online,
  title={Online learning and stochastic approximations},
  author={Bottou, L},
  journal={On-line learning in neural networks},
  volume={17},
  number={9},
  pages={142},
  year={1998},
  publisher={Cambridge Univ. Press}
}
@inproceedings{lundberg2017unified,
  title={A unified approach to interpreting model predictions},
  author={Lundberg, SM and Lee, S-I},
  booktitle={Advances in Neural Information Processing Systems},
  pages={4768--4777},
  year={2017}
}
@incollection{datta2017algorithmic,
  title={Algorithmic transparency via quantitative input influence},
  author={Datta, A and Sen, S and Zick, Y},
  booktitle={Transparent Data Mining for Big and Small Data},
  pages={71--94},
  year={2017},
  publisher={Springer}
}
@article{friedman2001greedy,
  title={Greedy function approximation: a gradient boosting machine},
  author={Friedman, JH},
  journal={Annals of statistics},
  pages={1189--1232},
  year={2001}
}
@article{freund1997decision,
  title={A decision-theoretic generalization of on-line learning and an application to boosting},
  author={Freund, Y and Schapire, RE},
  journal={Journal of computer and system sciences},
  volume={55},
  number={1},
  pages={119--139},
  year={1997},
  publisher={Elsevier}
}
@inproceedings{silva2012predicting,
  title={Predicting in-hospital mortality of icu patients: The physionet/computing in cardiology challenge 2012},
  author={Silva, I and Moody, G and Scott, DJ and Celi, LA and Mark, RG},
  booktitle={Computing in Cardiology (CinC), 2012},
  pages={245--248},
  year={2012},
  organization={IEEE}
}
@inproceedings{xia2012neural,
  title={A neural network model for mortality prediction in ICU},
  author={Xia, H and Daley, BJ and Petrie, A and Zhao, X},
  booktitle={Computing in Cardiology (CinC), 2012},
  pages={261--264},
  year={2012},
  organization={IEEE}
}
@article{le1984simplified,
  title={A simplified acute physiology score for ICU patients.},
  author={Le, JRG and Loirat, P and Alperovitch, A and Glaser, P and Granthil, C and Mathieu, D and Mercier, P and Thomas, R and Villers, D},
  journal={Critical care medicine},
  volume={12},
  number={11},
  pages={975--977},
  year={1984}
}
@article{le1993new,
  title={A new simplified acute physiology score (SAPS II) based on a European/North American multicenter study},
  author={Le Gall, J-R and Lemeshow, S and Saulnier, F},
  journal={Jama},
  volume={270},
  number={24},
  pages={2957--2963},
  year={1993},
  publisher={American Medical Association}
}
@article{zimmerman2006acute,
  title={Acute Physiology and Chronic Health Evaluation (APACHE) IV: hospital mortality assessment for today’s critically ill patients},
  author={Zimmerman, JE and Kramer, AA and McNair, DS and Malila, FM},
  journal={Critical care medicine},
  volume={34},
  number={5},
  pages={1297--1310},
  year={2006},
  publisher={LWW}
}
